\bibliographystyle{ieeetr}

@online{who2015,
author = {World Health Organization},
title = {QAs on hypertension},
year = {2015},
url = {https://www.who.int/features/qa/82/en/}
}

@Article{hansen2006,
author = {T. Hansen and J. Jeppesen and S. Rasmussen and H. Ibsen and C. Torp-Pedersen.},
title = {Ambulatory blood pressure monitoring and risk of cardiovascular disease: a population based study.},
journal = {Amer. J. Of Hypertension, Ltd.},
url={https://doi.org/10.1016/j.amjhyper.2005.09.018},
year = {2006}
}

@Article{staensen1999,
author = {J. Staensen and L. Thijs and R. Fagard and E. O’Brien and D. Clement and P. de Leeuw and G. Mancia and C. Nachev and P. Palatini and G. Parati and J. Tuomilehto and J. Webster.},
title = {Predicting Cardiovascular Risk Using Conventional vs Ambulatory Blood Pressure in Older Patients With Systolic Hypertension},
url = {https://doi.org/10.1001/jama.282.6.539},
journal = {JAMA},
year = {1999}
}

@Article{verdecchia1993,
author = {P. Verdecchia and C. Porcellati and G. Schillaci and C. Borgioni and A. Ciucci and M. Battistelli and M. Guerrieri and C. Gatteschi and I. Zampi and A. Santucci and C. Santucci and G. Reboldi.},
title = {Ambulatory blood pressure. An independent predictor of prognosis in essential hypertension},
url = {https://doi.org/10.1161/01.HYP.24.6.793},
journal = {Hypertension},
year = {1993}
}

@Article{nichols2008,
author = {W.W. Nichols and S.J. Denardo and C.M McEniery and J. Cockcroft and M.F. O’Rourke.},
title = {Effects of arterial stiffness, pulse wave velocity, and wave reflections on the central aortic pressure waveform.},
url = {https://doi.org/10.1111/j.1751-7176.2008.04746.x},
journal = {J of Clinical Hypertension.},
year = {2008}
}

@Article{laurent2006,
author = {S. Laurent and J. Cockcroft and L. Van Bortel and P. Boutouyrie and C. Giannattasio and D. Hayoz and B. Pannier and C. Vlachopoulos and I. Wilkinson and H. Struijker-Boudier.},
title = {Expert consensus document on arterial stiffness: methodological issues and clinical applications.},
url = {https://doi.org/10.1093/eurheartj/ehl254},
journal = {European Heart J.},
year = {2006}
}


@Article{omboni2016,
author = {S. Omboni and I.N. Posokhov and Y.V. Kotovskaya and A.D. Protogerou and J. Blacher.},
title = {Twenty-four-hour ambulatory pulse wave analysis in hypertension management: current evidence and perspectives.},
url = {https://doi.org/10.1007/s11906-016-0681-2},
journal = {Current Hypertension Rep.},
year = {2016}
}

@Article{ogedegbe2010,
author = {G. Ogedegbe and T. Pickering},
title = {Principles and techniques of blood pressure measurement},
url = {https://doi.org/10.1016/j.ccl.2010.07.006},
journal = {National Institutes of Health},
year = {2010}
}

@Article{figueroa2014,
author = {C.A.Figueroa and J.D. Humphrey},
title = {Pressure wave propagation in full-body arterial models: A gateway to exploring aging and hypertension},
journal = {23rd International Congress of Theoretical and Applied Mechanics},
year = {2014}
}

@Article{saito2011,
author = {M.Saito and Y.Ikenaga and M.Watanabe and T.Asada and P.Lagrée},
title = {One-Dimensional Model for Propagation of a Pressure Wave in a Model of the Human Arterial Network: Comparison of Theoretical and Experimental Results},
journal = {Journal of Biomechanical Engineering},
year = {2011}
}

@Article{ruso2001,
author = {R.Ruso and J. Ramos and O.Batista and R. del Rey},
title = {Una implementación efectiva del método oscilométrico para la medición de la presión arterial.},
journal = {Memorias II Congreso Latinoamericano de Ingeniería Biomédica},
year = {2001}
}

@book{teton2003,
  title={Gu{\'\i}a t{\'e}cnica de la acuariofilia},
  author={Teton, J.},
  isbn={9788489840249},
  series={Gu{\'\i}as t{\'e}cnicas},
  url={https://books.google.com.ar/books?id=6vrjovWkQicC},
  year={2003},
  publisher={Tursen S.A. - H. Blume}
}

@TechReport{conectores2007,
  author = {Tyco Electronics},
  title = {AMP Circular Connectors for Commercial Signal \& Power Applications},
  institution = {Tyco Electronics},
  year = {2007}
}

@Article{fowler2015,
author = {Fowler K.},
title = {V-Model},
journal = {Developing and Managing Embedded System and Products},
year = {2015}
}

@book{douglass2011,
  title={Design Patterns for Embedded Systems in C},
  author={Douglass B.},
  year={2011},
  publisher={Newnes}
}

@Article{zhou2017,
author = {Zhou J.},
title = {DMA Ping-Pong Application},
publisher = {NXP},
url = {https://community.nxp.com/docs/DOC-334851},
year = {2017}
}

@TechReport{texas2012,
  author = {Texas Instruments},
  title = {ADS1292: Low-Power 2-Channel 24-Bit Analog Front-End for Biopotential Measurements},
  institution = {Texas Instruments},
  year = {2012}
}


@Article{chan2014,
author = {ELM-Chan},
title = {FatFs – Generic FAT Filesystem Module},
publisher = {ELM-Chan},
year = {2014}
}

@book{aws2017,
  title={The FreeRTOS Reference Manual},
  author={Amazon Web Services},
  year={2017},
  publisher={AWS}
}
